Article{CA2,
  author =	 {Adami, C.},
  title =	 {Self-organized criticality in living systems},
  journal =	 {Physics Letters A},
  year =	 1995,
  volume =	 {203},
  pages =	 {29-32}
}

Book{IAL,
  author =	 {Adami, C.},
  title =	 {Introduction to Artificial Life},
  publisher =	 {TELOS Springer-Verlag, Santa Clara},
  year =	 1998
}


InProceedings{AB1,
  author =	 {Adami, C. and Brown, C. T.},
  title =	 {Evolutionary learning in the 2D Artificial Life
                  system `Avida'},
  booktitle =	 {Artificial Life IV},
  pages =	 {377-381},
  year =	 1994,
  editor =	 {Brooks, R. A. and Maes, P.},
  publisher =	 {MIT Press, Cambridge, MA}
}


Misc{OBA,
  author = 	 {Ofria, C. and Brown, C.T.},
  title = 	 {The Avida User's Manual},
  howpublished = {In Adami (1998), The Avida software is publicly available at ftp.krl.caltech.edu/pub/avida},
  year = 	 {1998}
}



@article{project,
    author = {Pinheiro, , Flávio L. AND Vasconcelos, , Vítor V. AND Santos, , Francisco C. AND Pacheco, , Jorge M.},
    journal = {PLoS Comput Biol},
    publisher = {Public Library of Science},
    title = {Evolution of All-or-None Strategies in Repeated Public Goods Dilemmas},
    year = {2014},
    month = {11},
    volume = {10},
    url = {http://dx.doi.org/10.1371%2Fjournal.pcbi.1003945},
    pages = {e1003945},
    abstract = {<title>Author Summary</title> <p>The problem of cooperation has been a target of many studies, and some of the most complex dilemmas arise when we deal with groups repeatedly interacting by means of a <italic>Public Goods Game</italic> (<bold>PGG</bold>), where individuals may contribute to a common pool, subsequently sharing the resources. Here we study generalized direct group reciprocity by incorporating the complete set of reactive strategies, where action is dictated by what happened in the previous round. We compute the pervasiveness in time of each possible reactive strategy, and find a ubiquitous strategy profile that prevails throughout evolution, independently of group size and specific <bold>PGG</bold> parameters, proving also robust in the presence of errors. This strategy, that we call <italic>All-Or-None</italic> (<bold>AoN</bold>), consists in cooperating only after a round of unanimous group behavior (cooperation or defection); not only is it conceptually very simple, it also ensures that cooperation can self-sustain in a population. <bold>AoN</bold> contains core principles found, e.g., in the repeated 2-person Prisoner's Dilemma, in which case it reduces to the famous <italic>Win-Stay-Lose-Shift</italic> strategy.</p>},
    number = {11},
    doi = {10.1371/journal.pcbi.1003945}
}        


@article{kollock1998social,
  title={Social dilemmas: The anatomy of cooperation},
  author={Kollock, Peter},
  journal={Annual review of sociology},
  pages={183--214},
  year={1998},
  publisher={JSTOR}
}

@article{santos2011risk,
  title={Risk of collective failure provides an escape from the tragedy of the commons},
  author={Santos, Francisco C and Pacheco, Jorge M},
  journal={Proceedings of the National Academy of Sciences},
  volume={108},
  number={26},
  pages={10421--10425},
  year={2011},
  publisher={National Acad Sciences}
}


@article{vasconcelos2013bottom,
  title={A bottom-up institutional approach to cooperative governance of risky commons},
  author={Vasconcelos, V{\'\i}tor V and Santos, Francisco C and Pacheco, Jorge M},
  journal={Nature Climate Change},
  volume={3},
  number={9},
  pages={797--801},
  year={2013},
  publisher={Nature Publishing Group}
}

@article{sigmund2010social,
  title={Social learning promotes institutions for governing the commons},
  author={Sigmund, Karl and De Silva, Hannelore and Traulsen, Arne and Hauert, Christoph},
  journal={Nature},
  volume={466},
  number={7308},
  pages={861--863},
  year={2010},
  publisher={Nature Publishing Group}
}

@incollection{pacheco2011evolutionary,
  title={Evolutionary dynamics of collective action},
  author={Pacheco, Jorge M and Santos, Francisco C and Souza, Max O and Skyrms, Brian},
  booktitle={The Mathematics of Darwin’s Legacy},
  pages={119--138},
  year={2011},
  publisher={Springer}
}

@article{wang2013interdependent,
  title={Interdependent network reciprocity in evolutionary games},
  author={Wang, Zhen and Szolnoki, Attila and Perc, Matja{\v{z}}},
  journal={Scientific reports},
  volume={3},
  year={2013},
  publisher={Nature Publishing Group}
}


@article{santos2008social,
  title={Social diversity promotes the emergence of cooperation in public goods games},
  author={Santos, Francisco C and Santos, Marta D and Pacheco, Jorge M},
  journal={Nature},
  volume={454},
  number={7201},
  pages={213--216},
  year={2008},
  publisher={Nature Publishing Group}
}


@article{fehr2002altruistic,
  title={Altruistic punishment in humans},
  author={Fehr, Ernst and G{\"a}chter, Simon},
  journal={Nature},
  volume={415},
  number={6868},
  pages={137--140},
  year={2002},
  publisher={Nature Publishing Group}
}

@article{brandt2006punishing,
  title={Punishing and abstaining for public goods},
  author={Brandt, Hannelore and Hauert, Christoph and Sigmund, Karl},
  journal={Proceedings of the National Academy of Sciences},
  volume={103},
  number={2},
  pages={495--497},
  year={2006},
  publisher={National Acad Sciences}
}

@article{hauert2002volunteering,
  title={Volunteering as red queen mechanism for cooperation in public goods games},
  author={Hauert, Christoph and De Monte, Silvia and Hofbauer, Josef and Sigmund, Karl},
  journal={Science},
  volume={296},
  number={5570},
  pages={1129--1132},
  year={2002},
  publisher={American Association for the Advancement of Science}
}

@article{hardin1968tragedy,
  title={The tragedy of the commons},
  author={Hardin, Garrett},
  journal={science},
  volume={162},
  number={3859},
  pages={1243--1248},
  year={1968},
  publisher={American Association for the Advancement of Science}
}

@article{boyd1988evolution,
  title={The evolution of reciprocity in sizable groups},
  author={Boyd, Robert and Richerson, Peter J},
  journal={Journal of Theoretical Biology},
  volume={132},
  number={3},
  pages={337--356},
  year={1988},
  publisher={Elsevier}
}

@article{barrett2012climate,
  title={Climate negotiations under scientific uncertainty},
  author={Barrett, Scott and Dannenberg, Astrid},
  journal={Proceedings of the National Academy of Sciences},
  volume={109},
  number={43},
  pages={17372--17376},
  year={2012},
  publisher={National Acad Sciences}
}

@article{milinski2008collective,
  title={The collective-risk social dilemma and the prevention of simulated dangerous climate change},
  author={Milinski, Manfred and Sommerfeld, Ralf D and Krambeck, Hans-J{\"u}rgen and Reed, Floyd A and Marotzke, Jochem},
  journal={Proceedings of the National Academy of Sciences},
  volume={105},
  number={7},
  pages={2291--2294},
  year={2008},
  publisher={National Acad Sciences}
}

@book{jacquet2001economic,
  title={Economic policy co-ordination in the eurozone: What has been Achieved? What Should be done?},
  author={Jacquet, Pierre and Pisani-Ferry, Jean},
  year={2001},
  publisher={Centre for European Reform}
}

@article{axelrod1985achieving,
  title={Achieving cooperation under anarchy: Strategies and institutions},
  author={Axelrod, Robert and Keohane, Robert O},
  journal={World politics},
  volume={38},
  number={01},
  pages={226--254},
  year={1985},
  publisher={Cambridge Univ Press}
}


@article{van2012emergence,
  title={Emergence of fairness in repeated group interactions},
  author={Van Segbroeck, Sven and Pacheco, Jorge M and Lenaerts, Tom and Santos, Francisco C},
  journal={Physical review letters},
  volume={108},
  number={15},
  pages={158104},
  year={2012},
  publisher={APS}
}

@article{kurokawa2009emergence,
  title={Emergence of cooperation in public goods games},
  author={Kurokawa, Shun and Ihara, Yasuo},
  journal={Proceedings of the Royal Society B: Biological Sciences},
  volume={276},
  number={1660},
  pages={1379--1384},
  year={2009},
  publisher={The Royal Society}
}


@article{traulsen2006stochastic,
  title={Stochastic dynamics of invasion and fixation},
  author={Traulsen, Arne and Nowak, Martin A and Pacheco, Jorge M},
  journal={Physical Review E},
  volume={74},
  number={1},
  pages={011909},
  year={2006},
  publisher={APS}
}


@article{grujic2014comparative,
  title={A comparative analysis of spatial Prisoner's Dilemma experiments: Conditional cooperation and payoff irrelevance},
  author={Gruji{\'c}, Jelena and Gracia-L{\'a}zaro, Carlos and Milinski, Manfred and Semmann, Dirk and Traulsen, Arne and Cuesta, Jos{\'e} A and Moreno, Yamir and S{\'a}nchez, Angel},
  journal={Scientific reports},
  volume={4},
  year={2014},
  publisher={Nature Publishing Group}
}







